@article{Eloy:2024lwn,
    author = "Eloy, Camille and Larios, Gabriel",
    title = "{Charting the Conformal Manifold of Holographic CFT$_2$'s}",
    eprint = "2405.17542",
    archivePrefix = "arXiv",
    primaryClass = "hep-th",
    reportNumber = "MI-HET-833",
    month = "5",
    year = "2024"
}

@article{Eloy:2021fhc,
    author = "Eloy, Camille and Larios, Gabriel and Samtleben, Henning",
    title = "{Triality and the consistent reductions on AdS$_{3}\times S^{3}$}",
    eprint = "2111.01167",
    archivePrefix = "arXiv",
    primaryClass = "hep-th",
    reportNumber = "IFT-UAM/CSIC-21-112, LCTP-21-28",
    doi = "10.1007/JHEP01(2022)055",
    journal = "JHEP",
    volume = "01",
    pages = "055",
    year = "2022"
}
